<?xml version="1.0" encoding="UTF-8"?><collection xmlns="http://www.loc.gov/MARC21/slim"><record><leader>00407nam--2200133-i-4500</leader><controlfield tag="001">000039446</controlfield><controlfield tag="002">20161230</controlfield><controlfield tag="005">20161230201042</controlfield><controlfield tag="008">060222s1000------------r-----000-0-eng-d</controlfield><datafield ind1=" " ind2=" " tag="100"><subfield code="a">Rock, H</subfield></datafield><datafield ind1=" " ind2=" " tag="245"><subfield code="a">Ausgewahlte moderne trennverfahren zur reinigung organischer stoffe</subfield></datafield><datafield ind1=" " ind2=" " tag="260"><subfield code="a">Darmstadt, Verlag Dietrich Steinkopff, 1957, Viii + 169p</subfield></datafield><datafield ind1=" " ind2=" " tag="490"><subfield code="a">Fortschritte Der Physikalischen Chemie</subfield></datafield><datafield ind1=" " ind2=" " tag="852"><subfield code="a">13620</subfield></datafield></record></collection>